@article{CV05,
    author    = "Rudi Cilibrasi and Paul M. B. Vitanyi",
    title     = "Clustering by Compression",
    journal   = "IEEE Transactions on Information Theory",
    volume    = "51",
    number    = "4",
    pages     = "1523--1545",
    year      = "2005",
    month     = "Huhtikuu"
},
@article{10.1109/WDM.2004.1358107,
    author    = {Rudi Cilibrasi and Paul Vit?nyi and Ronald de Wolf},
    title     = {Algorithmic Clustering of Music},
    journal   = {Web Delivering of Music, International Conference on},
    volume    = {0},
    isbn      = {0-7695-2157-6},
    year      = {2004},
    pages     = {110-117},
    doi       = {http://doi.ieeecomputersociety.org/10.1109/WDM.2004.1358107},
    publisher = {IEEE Computer Society},
    address   = {Los Alamitos, CA, USA},
},
@proceeding{doi:10.1117/12.704334,
    author    = {Tran, Nicholas},
    title     = {The normalized compression distance and image distinguishability},
    journal   = {Proc. SPIE},
    volume    = {6492},
    number    = {},
    pages     = {64921D-64921D-11},
    year      = {2007},
    doi       = {10.1117/12.704334},
    URL       = { http://dx.doi.org/10.1117/12.704334},
    eprint    = {}
},
@article{cilibrasi2007google,
    title     = {The google similarity distance},
    author    = {Cilibrasi, Rudi L and Vitanyi, Paul MB},
    journal   = {Knowledge and Data Engineering, IEEE Transactions on},
    volume    = {19},
    number    = {3},
    pages     = {370--383},
    year      = {2007},
    publisher = {IEEE}
},
@article{Telles2007327,
    title     = "Normalized compression distance for visual analysis of document collections ",
    journal   = "Computers & Graphics ",
    volume    = "31",
    number    = "3",
    pages     = "327 - 337",
    year      = "2007",
    note      = "",
    ISSN      = "0097-8493",
    doi       = "http://dx.doi.org/10.1016/j.cag.2007.01.024",
    url       = "http://www.sciencedirect.com/science/article/pii/S0097849307000556",
    author    = "G.P. Telles and R. Minghim and F.V. Paulovich",
    keywords  = "Kolmogorov complexity",
    keywords  = "Normalized compression distance",
    keywords  = "Text collection visualization",
    keywords  = "Multi-dimensional projection",
    keywords  = "Document visualization "
},
@article{4167725,
    author    = {Cebrian, M. and Alfonseca, M. and Ortega, A.},
    journal   = {Information Theory, IEEE Transactions on},
    title     = {The Normalized Compression Distance Is Resistant to Noise},
    year      = {2007},
    volume    = {53},
    number    = {5},
    pages     = {1895-1900},
    keywords  = {data compression;differential equations;NCD;file clustering;first order differential equation;normalized compression distance;Associate members;Compression algorithms;Compressors;Data analysis;Differential equations;Noise level;Noise measurement;Noise reduction;Signal to noise ratio;Testing;Clustering and noise resistance;Kolmogorov complexity;datafile corruption;heterogeneous data analysis;noisy channel;normalized compression distance;universal similarity distance},
    doi       = {10.1109/TIT.2007.894669},
    ISSN      = {0018-9448}
},
@article{cebrian2005common,
    title     = {Common pitfalls using the normalized compression distance: What to watch out for in a compressor},
    author    = {Cebrian, Manuel and Alfonseca, Manuel and Ortega, Alfonso},
    journal   = {Communications in Information \& Systems},
    volume    = {5},
    number    = {4},
    pages     = {367--384},
    year      = {2005},
    publisher = {International Press of Boston}
},
@article{cilibrasi2004automatic,
    title     = {Automatic meaning discovery using Google},
    author    = {Cilibrasi, Rudi and Vitanyi, Paul},
    journal   = {manuscript, CWI},
    year      = {2004}
}
