@article{CV05,
    author    = "R., Cilibrasi and P. Vitanyi",
    title     = "Clustering by Compression",
    journal   = "IEEE Transactions on Information Theory",
    volume    = "51",
    number    = "4",
    pages     = "1523--1545",
    year      = "2005",
    month     = "Huhtikuu"
},
@article{10.1109/WDM.2004.1358107,
    author    = {R. Cilibrasi and P. Vitanyi and R. de Wolf},
    title     = {Algorithmic Clustering of Music},
    journal   = {Web Delivering of Music, International Conference on},
    volume    = {0},
    isbn      = {0-7695-2157-6},
    year      = {2004},
    pages     = {110-117},
    doi       = {http://doi.ieeecomputersociety.org/10.1109/WDM.2004.1358107},
    publisher = {IEEE Computer Society},
    address   = {Los Alamitos, CA, USA},
},
@proceeding{doi:10.1117/12.704334,
    author    = {Tran, N.},
    title     = {The normalized compression distance and image distinguishability},
    journal   = {Proc. SPIE},
    volume    = {6492},
    number    = {},
    pages     = {64921D-64921D-11},
    year      = {2007},
    doi       = {10.1117/12.704334},
    URL       = { http://dx.doi.org/10.1117/12.704334},
    eprint    = {}
},
@article{cilibrasi2007google,
    title     = {The google similarity distance},
    author    = {Cilibrasi, R. and Vitanyi, P.},
    journal   = {Knowledge and Data Engineering, IEEE Transactions on},
    volume    = {19},
    number    = {3},
    pages     = {370--383},
    year      = {2007},
    publisher = {IEEE}
},
@article{Telles2007327,
    title     = "Normalized compression distance for visual analysis of document collections ",
    journal   = "Computers & Graphics ",
    volume    = "31",
    number    = "3",
    pages     = "327 - 337",
    year      = "2007",
    note      = "",
    doi       = "http://dx.doi.org/10.1016/j.cag.2007.01.024",
    url       = "http://www.sciencedirect.com/science/article/pii/S0097849307000556",
    author    = "G.P. Telles and R. Minghim and F.V. Paulovich",
    keywords  = "Kolmogorov complexity",
    keywords  = "Normalized compression distance",
    keywords  = "Text collection visualization",
    keywords  = "Multi-dimensional projection",
    keywords  = "Document visualization "
},
@article{4167725,
    author    = {Cebrian, M. and Alfonseca, M. and Ortega, A.},
    journal   = {Information Theory, IEEE Transactions on},
    title     = {The Normalized Compression Distance Is Resistant to Noise},
    year      = {2007},
    volume    = {53},
    number    = {5},
    pages     = {1895-1900},
    keywords  = {data compression;differential equations;NCD;file clustering;first order differential equation;normalized compression distance;Associate members;Compression algorithms;Compressors;Data analysis;Differential equations;Noise level;Noise measurement;Noise reduction;Signal to noise ratio;Testing;Clustering and noise resistance;Kolmogorov complexity;datafile corruption;heterogeneous data analysis;noisy channel;normalized compression distance;universal similarity distance},
    doi       = {10.1109/TIT.2007.894669}
},
@article{cebrian2005common,
    title     = {Common pitfalls using the normalized compression distance: What to watch out for in a compressor},
    author    = {Cebrian, M.l and Alfonseca, M. and Ortega, A.},
    journal   = {Communications in Information \& Systems},
    volume    = {5},
    number    = {4},
    pages     = {367--384},
    year      = {2005},
    publisher = {International Press of Boston}
},
@incollection{cilibrasi2006similarity,
  title={Similarity of objects and the meaning of words},
  author={Cilibrasi, R. and Vitanyi, P.},
  booktitle={Theory and Applications of Models of Computation},
  pages={21--45},
  year={2006},
  publisher={Springer}
},
@misc{complearn,
    title = {CompLearn Toolkit},
    author = {R. Cilibrasi},
    howpublished = {URL: \url{http://complearn.org/}},
    note = {Luettu 26. marraskuuta 2013}
},
@misc{calgarycorpus,
    title = {Calgary Corpus},
    author = {I. Witten and T. Bell and J. Cleary},
    howpublished = {URL: \url{http://corpus.canterbury.ac.nz/descriptions/#calgary}},
    note = {Luettu 26. marraskuuta 2013}
},
@article{vitanyi2013similarity,
  title={Similarity and denoising},
  author={Vit{\'a}nyi, Paul MB},
  journal={Philosophical Transactions of the Royal Society A: Mathematical, Physical and Engineering Sciences},
  volume={371},
  number={1984},
  year={2013},
  publisher={The Royal Society}
},
@inproceedings{nykter2005normalized,
  title={Normalized compression distance for gene expression analysis},
  author={Nykter, Matti and Yli-Harja, Olli and Shmulevich, Ilya},
  booktitle={Workshop on Genomic Signal Processing and Statistics (GENSIPS)(May 2005)},
  year={2005},
  organization={Citeseer}
},
@article{terwijn2011nonapproximability,
  title={Nonapproximability of the normalized information distance},
  author={Terwijn, Sebastiaan A and Torenvliet, Leen and Vit{\'a}nyi, Paul},
  journal={Journal of Computer and System Sciences},
  volume={77},
  number={4},
  pages={738--742},
  year={2011},
  publisher={Elsevier}
}
