@article{CV05,
    author    = "Rudi Cilibrasi and Paul M. B. Vitanyi",
    title     = "Clustering by Compression",
    journal   = "IEEE Transactions on Information Theory",
    volume   = "51",
    number   = "4",
    pages    = "1523--1545",
    year      = "2005",
    month    = "Huhtikuu",

}
